<record><leader>00000cas a2200000 a 4500</leader><controlfield tag="001">11942886</controlfield><controlfield tag="008">850419d18151833vauir ne      0    0eng c</controlfield><datafield ind1=" " ind2=" " tag="010"><subfield code="a">sn 85025836 </subfield></datafield><datafield ind1=" " ind2=" " tag="040"><subfield code="a">NPX</subfield><subfield code="b">eng</subfield><subfield code="c">NPX</subfield><subfield code="d">DLC</subfield><subfield code="d">CNW</subfield><subfield code="d">MGN</subfield><subfield code="d">CNK</subfield><subfield code="d">NVK</subfield><subfield code="d">OCL</subfield><subfield code="d">OCLCQ</subfield><subfield code="d">DLC</subfield><subfield code="d">OCLCG</subfield><subfield code="d">DLC</subfield><subfield code="d">OCLCQ</subfield><subfield code="d">OCLCF</subfield></datafield><datafield ind1="1" ind2=" " tag="029"><subfield code="a">AU@</subfield><subfield code="b">000020123931</subfield></datafield><datafield ind1=" " ind2=" " tag="042"><subfield code="a">pcc</subfield></datafield><datafield ind1=" " ind2=" " tag="043"><subfield code="a">n-us-va</subfield></datafield><datafield ind1="0" ind2="0" tag="050"><subfield code="a">Newspaper</subfield></datafield><datafield ind1="0" ind2=" " tag="130"><subfield code="a">Norfolk and Portsmouth herald (Norfolk, Va. : 1815)</subfield></datafield><datafield ind1="1" ind2="0" tag="245"><subfield code="a">Norfolk and Portsmouth herald.</subfield></datafield><datafield ind1="1" ind2="3" tag="246"><subfield code="a">Norfolk herald</subfield></datafield><datafield ind1="1" ind2="3" tag="246"><subfield code="a">Herald</subfield></datafield><datafield ind1=" " ind2=" " tag="260"><subfield code="a">Norfolk [Va. :</subfield><subfield code="b">James 0'Connor],</subfield><subfield code="c">1815-1833.</subfield></datafield><datafield ind1=" " ind2=" " tag="300"><subfield code="a">v. ;</subfield><subfield code="c">52 cm.</subfield></datafield><datafield ind1=" " ind2=" " tag="310"><subfield code="a">Triweekly</subfield></datafield><datafield ind1="0" ind2=" " tag="362"><subfield code="a">Vol. 22, no. 2923 (Sept. 11, 1815)-v. 39, no. 5613 (July 3, 1833).</subfield></datafield><datafield ind1=" " ind2=" " tag="500"><subfield code="a">"And Portsmouth" appears in title ornament, &lt;1827-1830&gt;.</subfield></datafield><datafield ind1=" " ind2=" " tag="500"><subfield code="a">Publisher varies: O'Connor &amp; Broughton, &lt;Mar. 4, 1818-&gt; ; Thomas G. Broughton, &lt;1820-1830&gt;.</subfield></datafield><datafield ind1=" " ind2=" " tag="500"><subfield code="a">Whig. Cf. Cappon, L.J. Va. newspapers.</subfield></datafield><datafield ind1=" " ind2=" " tag="500"><subfield code="a">Published on half-sheets, Aug. 10-Sept. 7, 1832 due to cholera outbreak.</subfield></datafield><datafield ind1=" " ind2=" " tag="515"><subfield code="a">Suspended July 16, 1819; resumed Aug. 25, 1819.</subfield></datafield><datafield ind1=" " ind2=" " tag="525"><subfield code="a">Supplements accompany some issues.</subfield></datafield><datafield ind1=" " ind2=" " tag="530"><subfield code="a">Also issued on microfilm from Micro Photo Division, Bell &amp; Howell, and the Library of Congress, Photoduplication Service.</subfield></datafield><datafield ind1=" " ind2="0" tag="651"><subfield code="a">Norfolk (Va.)</subfield><subfield code="v">Newspapers.</subfield></datafield><datafield ind1=" " ind2="0" tag="651"><subfield code="a">Portsmouth (Va.)</subfield><subfield code="v">Newspapers.</subfield></datafield><datafield ind1=" " ind2="7" tag="655"><subfield code="a">Newspapers.</subfield><subfield code="2">fast</subfield><subfield code="0">(OCoLC)fst01423814</subfield></datafield><datafield ind1=" " ind2="7" tag="651"><subfield code="a">Virginia</subfield><subfield code="z">Norfolk.</subfield><subfield code="2">fast</subfield><subfield code="0">(OCoLC)fst01206844</subfield></datafield><datafield ind1=" " ind2="7" tag="651"><subfield code="a">Virginia</subfield><subfield code="z">Portsmouth.</subfield><subfield code="2">fast</subfield><subfield code="0">(OCoLC)fst01213398</subfield></datafield><datafield ind1="1" ind2=" " tag="700"><subfield code="a">O'Connor, James,</subfield><subfield code="d">1759?-1819.</subfield></datafield><datafield ind1="1" ind2=" " tag="700"><subfield code="a">Broughton, Thomas G.</subfield></datafield><datafield ind1=" " ind2=" " tag="752"><subfield code="a">United States</subfield><subfield code="b">Virginia</subfield><subfield code="d">Norfolk.</subfield></datafield><datafield ind1=" " ind2=" " tag="752"><subfield code="a">United States</subfield><subfield code="b">Virginia</subfield><subfield code="d">Portsmouth.</subfield></datafield><datafield ind1="0" ind2=" " tag="775"><subfield code="t">Norfolk herald (for the country)</subfield><subfield code="w">(DLC)sn 85025856</subfield></datafield><datafield ind1="0" ind2=" " tag="775"><subfield code="t">Norfolk and Portsmouth herald (Norfolk, Va. : 1828)</subfield><subfield code="w">(DLC)sn 86071773</subfield><subfield code="w">(OCoLC)13992593</subfield></datafield><datafield ind1="0" ind2="0" tag="780"><subfield code="t">Norfolk herald (Norfolk, Va. : 1813)</subfield><subfield code="w">(DLC)sn 85025827</subfield><subfield code="w">(OCoLC)11941190</subfield></datafield><datafield ind1="0" ind2="0" tag="785"><subfield code="t">Norfolk and Portsmouth herald and general advertiser (Norfolk, Va. : 1833 : Triweekly)</subfield><subfield code="w">(DLC)sn 85054330</subfield><subfield code="w">(OCoLC)11777310</subfield></datafield></record>